@book{we,
    author    = {Zhongxiang Wu},
    title     = {Advanced Mathematics Tutoring Lecture Notes},
    year      = {2023},
    publisher = {China Argiculture Press}
}

@book{w660,
    author    = {Zhongxiang Wu},
    title     = {Advanced Mathematics 660 Questions},
    year      = {2023},
    publisher = {China Argiculture Press}
}

@book{w660ans,
    author    = {Zhongxiang Wu},
    title     = {Advanced Mathematics 660 Answers},
    year      = {2023},
    publisher = {China Argiculture Press}
}

@book{stewart,
    author = {Stewart, James},
    title = {Calculus, Early Transcendentals},
    year = {2021},
    edition = {9th},
    publisher = {Cengage Learning},
    address = {Boston, MA},
    isbn = {978-1-337-61392-7}
}
